@incollection{fingas_appendix_2015,
    location = {Hoboken, {NJ}},
    title = {Appendix A The Oil Properties Data Appendix},
    isbn = {978-1-118-98998-2 978-0-470-45551-7},
    url = {http://doi.wiley.com/10.1002/9781118989982.app1},
    pages = {575--681},
    booktitle = {Handbook of Oil Spill Science and Technology},
    publisher = {John Wiley \& Sons, Inc},
    author = {Hollebone, Bruce P.},
    editor = {Fingas, Merv},
    urldate = {2020-11-19},
    date = {2015-02-20},
    langid = {english},
    doi = {10.1002/9781118989982.app1},
}
